@article{Kreutz-Delgado2009,
	author = {Kreutz-Delgado, Ken},
	url = {http://arxiv.org/abs/0906.4835},
	title = {{The Complex Gradient Operator and the CR-Calculus}},
	month = {jun},
	eprint = {0906.4835},
	SLACcitation = {%%CITATION=09064835;%%},
	archivePrefix = {arXiv},
}

@article{Wirtinger1927,
	doi = {10.1007/BF01447872},
	author = {Wirtinger, W.},
	url = {http://www.springerlink.com/index/10.1007/BF01447872},
	journal = {Mathematische Annalen},
	issn = {0025-5831},
	number = {1},
	month = {dec},
	volume = {97},
	year = {1927},
	title = {{Zur formalen Theorie der Funktionen von mehr komplexen Ver\"{a}nderlichen}},
	pages = {357--375},
}

