@article{Dalton2011,
	author = {Dalton, B. J.},
	url = {http://arxiv.org/abs/1108.1251},
	title = {{Phase space theory of Bose-Einstein condensates and time-dependent modes}},
	month = {aug},
	eprint = {1108.1251},
	SLACcitation = {%%CITATION=11081251;%%},
	archivePrefix = {arXiv},
}

@book{Gardiner2004,
	publisher = {Springer},
	isbn = {978-3-540-22301-6},
	author = {Gardiner, Crispin W. and Zoller, Peter},
	url = {http://www.springer.com/physics/quantum+physics/book/978-3-642-06094-6},
	title = {{Quantum Noise}},
	edition = {4th},
	year = {2004},
	pages = {449},
}

@article{Graham1970,
	doi = {10.1007/BF01396782},
	author = {Graham, R. and Haken, H.},
	url = {http://www.springerlink.com/index/10.1007/BF01396782},
	journal = {Zeitschrift f\"{u}r Physik},
	issn = {1434-6001},
	number = {3},
	month = {jun},
	volume = {234},
	year = {1970},
	title = {{Functional Fokker-Planck treatment of electromagnetic field propagation in a thermal medium}},
	pages = {193--206},
}

@article{Graham1970a,
	doi = {10.1007/BF01395167},
	author = {Graham, R. and Haken, H.},
	url = {http://www.springerlink.com/index/10.1007/BF01395167},
	journal = {Zeitschrift f\"{u}r Physik},
	issn = {1434-6001},
	number = {2},
	month = {apr},
	volume = {235},
	year = {1970},
	title = {{Functional quantum statistics of light propagation in a two-level system}},
	pages = {166--180},
}

@article{Kreutz-Delgado2009,
	author = {Kreutz-Delgado, Ken},
	url = {http://arxiv.org/abs/0906.4835},
	title = {{The Complex Gradient Operator and the CR-Calculus}},
	month = {jun},
	eprint = {0906.4835},
	SLACcitation = {%%CITATION=09064835;%%},
	archivePrefix = {arXiv},
}

@book{Louisell1990,
	publisher = {Wiley, John \& Sons, Incorporated},
	isbn = {0471523658},
	author = {Louisell, William Henry},
	title = {{Quantum Statistical Properties of Radiation}},
	year = {1990},
	pages = {544},
}

@article{Norrie2006a,
	doi = {10.1103/PhysRevA.73.043618},
	author = {Norrie, A. A. and others},
	url = {http://link.aps.org/doi/10.1103/PhysRevA.73.043618},
	journal = {Phys. Rev. A},
	issn = {1050-2947},
	number = {4},
	month = {apr},
	volume = {73},
	year = {2006},
	title = {{Three-body recombination of ultracold Bose gases using the truncated Wigner method}},
	pages = {043618},
}

@article{Steel1998,
	doi = {10.1103/PhysRevA.58.4824},
	author = {Steel, M. and others},
	url = {http://link.aps.org/doi/10.1103/PhysRevA.58.4824},
	journal = {Phys. Rev. A},
	issn = {1050-2947},
	number = {6},
	month = {dec},
	volume = {58},
	year = {1998},
	title = {{Dynamical quantum noise in trapped Bose-Einstein condensates}},
	pages = {4824--4835},
}

@book{Weyl1950,
	publisher = {Dover Publications},
	isbn = {0486602699},
	author = {Weyl, Hermann},
	title = {{The Theory of Groups and Quantum Mechanics}},
	year = {1950},
	pages = {444},
}

@article{Wirtinger1927,
	doi = {10.1007/BF01447872},
	author = {Wirtinger, W.},
	url = {http://www.springerlink.com/index/10.1007/BF01447872},
	journal = {Mathematische Annalen},
	issn = {0025-5831},
	number = {1},
	month = {dec},
	volume = {97},
	year = {1927},
	title = {{Zur formalen Theorie der Funktionen von mehr komplexen Ver\"{a}nderlichen}},
	pages = {357--375},
}

