@article{Blakie2008,
	doi = {10.1080/00018730802564254},
	author = {Blakie, P. Blair and Bradley, Ashton S. and Davis, Matthew J. and Ballagh, R. J. and Gardiner, Crispin W.},
	journal = {Adv. Phys.},
	number = {5},
	volume = {57},
	year = {2008},
	pages = {363--455},
}

@article{Cahill1969,
	doi = {10.1103/PhysRev.177.1857},
	author = {Cahill, K. and Glauber, R.},
	journal = {Phys. Rev.},
	number = {5},
	volume = {177},
	year = {1969},
	pages = {1857--1881},
}

@article{Chaturvedi2002,
	doi = {10.1103/PhysRevA.65.033805},
	author = {Chaturvedi, S and Dechoum, K and Drummond, P.},
	journal = {Phys. Rev. A},
	number = {3},
	volume = {65},
	year = {2002},
	pages = {033805},
}

@article{Chaturvedi1977,
	doi = {10.1088/0305-4470/10/11/003},
	author = {Chaturvedi, S and Drummond, P and Walls, D F},
	journal = {J. Phys. A: Math. Gen.},
	number = {11},
	volume = {10},
	year = {1977},
	pages = {L187--L192},
}

@article{Chaturvedi1999,
	doi = {10.1007/s100510050688},
	author = {Chaturvedi, S. and Drummond, P.D.},
	journal = {Eur. Phys. J. B},
	number = {2},
	volume = {8},
	year = {1999},
	pages = {251--267},
}

@article{Collecutt2001,
	doi = {10.1016/S0010-4655(01)00309-5},
	author = {Collecutt, G. and Drummond, P.D.},
	journal = {Comput. Phys. Commun.},
	number = {1-3},
	volume = {142},
	year = {2001},
	pages = {219--223},
}

@article{Corney2006,
	doi = {10.1103/PhysRevLett.97.023606},
	author = {Corney, Joel F. and Drummond, Peter D. and Heersink, Joel and Josse, Vincent and Leuchs, Gerd and Andersen, Ulrik L.},
	journal = {Phys. Rev. Lett.},
	number = {2},
	volume = {97},
	year = {2006},
	pages = {023606},
}

@article{Corney2008,
	doi = {10.1103/PhysRevA.78.023831},
	author = {Corney, Joel F. and Heersink, Joel and Dong, Ruifang and Josse, Vincent and Drummond, Peter D. and Leuchs, Gerd and Andersen, Ulrik L.},
	journal = {Phys. Rev. A},
	number = {2},
	volume = {78},
	year = {2008},
	pages = {023831},
}

@article{Dabrowska-Wuster2009,
	doi = {10.1088/1367-2630/11/5/053017},
	author = {Dabrowska-W\"{u}ster, B. J. and W\"{u}ster, S. and Davis, Matthew J.},
	journal = {New J. Phys.},
	number = {5},
	volume = {11},
	year = {2009},
	pages = {053017},
}

@unpublished{Dalton2011,
	author = {Dalton, B. J.},
	title = {{Phase space theory of Bose-Einstein condensates and time-dependent modes}},
	eprint = {1108.1251},
	year = {2011},
	archivePrefix = {arXiv},
	arxivId = {1108.1251},
}

@article{Dechoum2004,
	doi = {10.1103/PhysRevA.70.053807},
	author = {Dechoum, K. and Drummond, Peter D. and Chaturvedi, S. and Reid, Margaret D.},
	journal = {Phys. Rev. A},
	number = {5},
	volume = {70},
	year = {2004},
	pages = {53807},
}

@article{Dennis2013,
	publisher = {Elsevier B.V.},
	doi = {10.1016/j.cpc.2012.08.016},
	author = {Dennis, Graham R. and Hope, Joseph J. and Johnsson, Mattias T.},
	journal = {Comput. Phys. Commun.},
	number = {1},
	volume = {184},
	year = {2013},
	pages = {201--208},
}

@article{Deuar2007,
	doi = {10.1103/PhysRevLett.98.120402},
	author = {Deuar, P. and Drummond, Peter D.},
	journal = {Phys. Rev. Lett.},
	number = {12},
	volume = {98},
	year = {2007},
	pages = {120402},
}

@article{Dirac1945,
	doi = {10.1103/RevModPhys.17.195},
	author = {Dirac, P. A. M.},
	journal = {Rev. Mod. Phys.},
	number = {2-3},
	volume = {17},
	year = {1945},
	pages = {195--199},
}

@article{Drummond1989,
	doi = {10.1103/PhysRevA.40.4813},
	author = {Drummond, P. and Kinsler, P.},
	journal = {Phys. Rev. A},
	number = {8},
	volume = {40},
	year = {1989},
	pages = {4813--4816},
}

@article{Drummond1990,
	doi = {10.1016/0021-9991(90)90131-J},
	author = {Drummond, P.D and Mortimer, I.K},
	journal = {J. Comput. Phys.},
	number = {1},
	volume = {89},
	year = {1990},
	pages = {252},
}

@article{Drummond1980,
	doi = {10.1088/0305-4470/13/7/018},
	author = {Drummond, Peter D. and Gardiner, Crispin W.},
	journal = {J. Phys. A: Math. Gen.},
	number = {7},
	volume = {13},
	year = {1980},
	pages = {2353--2368},
}

@article{Drummond1993,
	doi = {10.1209/0295-5075/21/3/005},
	author = {Drummond, Peter D. and Hardman, A. D.},
	journal = {Europhys. Lett.},
	number = {3},
	volume = {21},
	year = {1993},
	pages = {279--284},
}

@article{Drummond1993a,
	doi = {10.1038/365307a0},
	author = {Drummond, Peter D. and Shelby, R. M. and Friberg, S. R. and Yamamoto, Y.},
	journal = {Nature},
	number = {6444},
	volume = {365},
	year = {1993},
	pages = {307--313},
}

@article{Egorov2011,
	doi = {10.1103/PhysRevA.84.021605},
	author = {Egorov, Mikhail and Anderson, Russell P. and Ivannikov, Valentin and Opanchuk, Bogdan and Drummond, Peter D. and Hall, Brenton V. and Sidorov, Andrei I.},
	journal = {Phys. Rev. A},
	number = {2},
	volume = {84},
	year = {2011},
	pages = {021605(R)},
}

@book{Gardiner1997,
	publisher = {Springer-Verlag},
	author = {Gardiner, Crispin W.},
	year = {1997},
	title = {{Handbook of Stochastic Methods}},
	edition = {2nd},
	address = {Berlin},
	pages = {442},
}

@article{Gardiner2003,
	doi = {10.1088/0953-4075/36/23/010},
	author = {Gardiner, Crispin W. and Davis, Matthew J.},
	journal = {J. Phys. B},
	number = {23},
	volume = {36},
	year = {2003},
	pages = {4731--4753},
}

@book{Gardiner2004,
	publisher = {Springer},
	author = {Gardiner, Crispin W. and Zoller, Peter},
	title = {{Quantum Noise}},
	edition = {4th},
	year = {2004},
	pages = {449},
}

@article{Graham1970a,
	doi = {10.1007/BF01395167},
	author = {Graham, R. and Haken, H.},
	journal = {Z. Phys.},
	number = {2},
	volume = {235},
	year = {1970},
	pages = {166--180},
}

@article{Graham1970,
	doi = {10.1007/BF01396782},
	author = {Graham, R. and Haken, H.},
	journal = {Z. Phys.},
	number = {3},
	volume = {234},
	year = {1970},
	pages = {193--206},
}

@article{Gross2011,
	doi = {10.1103/PhysRevA.84.011609},
	author = {Gross, Christian and Est\`{e}ve, J. and Oberthaler, M. K. and Martin, A. D. and Ruostekoski, Janne},
	journal = {Phys. Rev. A},
	number = {1},
	volume = {84},
	year = {2011},
	pages = {011609},
}

@article{He2012,
	doi = {10.1007/s11467-011-0232-x},
	author = {He, Qiong-Yi and Reid, Margaret D. and Opanchuk, Bogdan and Polkinghorne, Rodney and Rosales-Z\'{a}rate, Laura E. C. and Drummond, Peter D.},
	journal = {Front. Phys.},
	number = {1},
	volume = {7},
	year = {2012},
	pages = {16--30},
}

@article{Hillery1984,
	doi = {10.1016/0370-1573(84)90160-1},
	author = {Hillery, M. and O'Connell, R. F. and Scully, M. O. and Wigner, E. P.},
	journal = {Phys. Rep.},
	number = {3},
	volume = {106},
	year = {1984},
	pages = {121--167},
}

@article{Isella2005,
	doi = {10.1103/PhysRevA.72.011601},
	author = {Isella, Lorenzo and Ruostekoski, Janne},
	journal = {Phys. Rev. A},
	number = {1},
	volume = {72},
	year = {2005},
	pages = {011601},
}

@article{Isella2006,
	doi = {10.1103/PhysRevA.74.063625},
	author = {Isella, Lorenzo and Ruostekoski, Janne},
	journal = {Phys. Rev. A},
	number = {6},
	volume = {74},
	year = {2006},
	pages = {063625},
}

@article{Jack2002,
	doi = {10.1103/PhysRevLett.89.140402},
	author = {Jack, Michael W.},
	journal = {Phys. Rev. Lett.},
	number = {14},
	volume = {89},
	year = {2002},
	pages = {140402},
}

@article{Javanainen2013,
	doi = {10.1088/1367-2630/15/1/013005},
	author = {Javanainen, Juha and Ruostekoski, Janne},
	journal = {New J. Phys.},
	number = {1},
	volume = {15},
	year = {2013},
	pages = {013005},
}

@article{Kinsler1991a,
	doi = {10.1103/PhysRevA.43.6194},
	author = {Kinsler, P. and Drummond, P.},
	journal = {Phys. Rev. A},
	number = {11},
	volume = {43},
	year = {1991},
	pages = {6194--6208},
}

@article{Kokkelmans2002,
	doi = {10.1103/PhysRevA.65.053617},
	author = {Kokkelmans, S. and Milstein, J. N. and Chiofalo, M. L. and Walser, R. and Holland, M. J.},
	journal = {Phys. Rev. A},
	number = {5},
	volume = {65},
	year = {2002},
	pages = {053617},
}

@unpublished{Kreutz-Delgado2009,
	author = {Kreutz-Delgado, Ken},
	title = {{The Complex Gradient Operator and the CR-Calculus}},
	eprint = {0906.4835},
	year = {2009},
	archivePrefix = {arXiv},
	arxivId = {0906.4835},
}

@article{Li2008,
	doi = {10.1103/PhysRevLett.100.210401},
	author = {Li, Yun and Castin, Yvan and Sinatra, Alice},
	journal = {Phys. Rev. Lett.},
	number = {21},
	volume = {100},
	year = {2008},
	pages = {210401},
}

@article{Li2009,
	doi = {10.1140/epjb/e2008-00472-6},
	author = {Li, Yun and Treutlein, Philipp and Reichel, J. and Sinatra, Alice},
	journal = {Eur. Phys. J. B},
	number = {3},
	volume = {68},
	year = {2009},
	pages = {365--381},
}

@book{Louisell1990,
	publisher = {Wiley, John \& Sons, Incorporated},
	author = {Louisell, William Henry},
	title = {{Quantum Statistical Properties of Radiation}},
	year = {1990},
	pages = {544},
}

@article{Martin2010a,
	doi = {10.1088/1367-2630/12/5/055018},
	author = {Martin, A. D. and Ruostekoski, Janne},
	journal = {New J. Phys.},
	number = {5},
	volume = {12},
	year = {2010},
	pages = {055018},
}

@article{Martin2010,
	doi = {10.1103/PhysRevLett.104.194102},
	author = {Martin, A. D. and Ruostekoski, Janne},
	journal = {Phys. Rev. Lett.},
	number = {19},
	volume = {104},
	year = {2010},
	pages = {194102},
}

@article{Morgan2000,
	doi = {10.1088/0953-4075/33/19/303},
	author = {Morgan, S. A.},
	journal = {J. Phys. B},
	number = {19},
	volume = {33},
	year = {2000},
	pages = {3847--3893},
}

@article{Moyal1947,
	doi = {10.1017/S0305004100000487},
	author = {Moyal, J. E. and Bartlett, M. S.},
	journal = {Math. Proc. Cambridge},
	number = {01},
	volume = {45},
	year = {1947},
	pages = {99},
}

@article{Norrie2006,
	doi = {10.1103/PhysRevA.73.043617},
	author = {Norrie, A. A. and Ballagh, R. J. and Gardiner, Crispin W.},
	journal = {Phys. Rev. A},
	number = {4},
	volume = {73},
	year = {2006},
	pages = {043617},
}

@article{Norrie2005,
	doi = {10.1103/PhysRevLett.94.040401},
	author = {Norrie, A. A. and Ballagh, R. J. and Gardiner, Crispin W.},
	journal = {Phys. Rev. Lett.},
	number = {4},
	volume = {94},
	year = {2005},
	pages = {040401},
}

@article{Norrie2006a,
	doi = {10.1103/PhysRevA.73.043618},
	author = {Norrie, A. A. and Ballagh, R. J. and Gardiner, Crispin W. and Bradley, Ashton S.},
	journal = {Phys. Rev. A},
	number = {4},
	volume = {73},
	year = {2006},
	pages = {043618},
}

@article{Opanchuk2012,
	doi = {10.1209/0295-5075/97/50003},
	author = {Opanchuk, Bogdan and Egorov, Mikhail and Hoffmann, Scott E. and Sidorov, Andrei I. and Drummond, Peter D.},
	journal = {Europhys. Lett.},
	number = {5},
	volume = {97},
	year = {2012},
	pages = {50003},
}

@article{Opanchuk2012a,
	author = {Opanchuk, Bogdan and He, Qiong-Yi and Reid, Margaret D. and Drummond, Peter D.},
	number = {2},
	volume = {86},
	pages = {15},
	year = {2012},
	journal = {Phys. Rev. A},
}

@article{Polkovnikov2003,
	doi = {10.1103/PhysRevA.68.053604},
	author = {Polkovnikov, Anatoli},
	journal = {Phys. Rev. A},
	number = {5},
	volume = {68},
	year = {2003},
	pages = {053604},
}

@article{Polkovnikov2010,
	publisher = {Elsevier Inc.},
	doi = {10.1016/j.aop.2010.02.006},
	author = {Polkovnikov, Anatoli},
	journal = {Ann. Phys.},
	number = {8},
	volume = {325},
	year = {2010},
	pages = {1790--1852},
}

@article{Rabl2004,
	doi = {10.1103/PhysRevB.70.205304},
	author = {Rabl, P. and Shnirman, A. and Zoller, P.},
	journal = {Phys. Rev. B},
	number = {20},
	volume = {70},
	year = {2004},
	pages = {205304},
}

@article{Reid1986a,
	doi = {10.1103/PhysRevA.33.4465},
	author = {Reid, M. and Walls, D.},
	journal = {Phys. Rev. A},
	number = {6},
	volume = {33},
	year = {1986},
	pages = {4465--4468},
}

@book{Risken1996,
	publisher = {Springer-Verlag, Berlin},
	author = {Risken, Hannes},
	title = {{The Fokker-Planck Equation}},
	edition = {2nd},
	year = {1996},
}

@article{Ruostekoski2005,
	doi = {10.1103/PhysRevLett.95.110403},
	author = {Ruostekoski, Janne and Isella, Lorenzo},
	journal = {Phys. Rev. Lett.},
	number = {11},
	volume = {95},
	year = {2005},
	pages = {110403},
}

@unpublished{Ruostekoski2010,
	author = {Ruostekoski, Janne and Martin, A. D.},
	title = {{Truncated Wigner method for Bose gases}},
	eprint = {1009.1073},
	pages = {1--16},
	year = {2010},
	archivePrefix = {arXiv},
	arxivId = {1009.1073},
}

@article{Sakmann2009,
	doi = {10.1103/PhysRevLett.103.220601},
	author = {Sakmann, Kaspar and Streltsov, Alexej I. and Alon, Ofir E. and Cederbaum, Lorenz S.},
	journal = {Phys. Rev. Lett.},
	number = {22},
	volume = {103},
	year = {2009},
	pages = {220601},
}

@article{Shrestha2009,
	doi = {10.1103/PhysRevA.79.043617},
	author = {Shrestha, Uttam and Javanainen, Juha and Ruostekoski, Janne},
	journal = {Phys. Rev. A},
	number = {4},
	volume = {79},
	year = {2009},
	pages = {043617},
}

@article{Sinatra2002,
	doi = {10.1088/0953-4075/35/17/301},
	author = {Sinatra, Alice and Lobo, Carlos and Castin, Yvan},
	number = {17},
	volume = {35},
	pages = {3599--3631},
	year = {2002},
	journal = {J. Phys. B},
}

@article{Sinatra2011,
	doi = {10.1103/PhysRevLett.107.060404},
	author = {Sinatra, Alice and Witkowska, Emilia and Dornstetter, Jean-Christophe and Li, Yun and Castin, Yvan},
	journal = {Phys. Rev. Lett.},
	number = {6},
	volume = {107},
	year = {2011},
	pages = {060404},
}

@article{Steel1998,
	doi = {10.1103/PhysRevA.58.4824},
	author = {Steel, M. and Olsen, M. K. and Plimak, L. I. and Drummond, Peter D. and Tan, S. and Collett, M. J. and Walls, D. F. and Graham, R.},
	journal = {Phys. Rev. A},
	number = {6},
	volume = {58},
	year = {1998},
	pages = {4824--4835},
}

@article{Werner1997,
	doi = {10.1006/jcph.1996.5638},
	author = {Werner, M. J. and Drummond, Peter D.},
	journal = {J. Comput. Phys.},
	number = {2},
	volume = {132},
	year = {1997},
	pages = {312--326},
}

@book{Weyl1950,
	publisher = {Dover Publications},
	author = {Weyl, Hermann},
	title = {{The Theory of Groups and Quantum Mechanics}},
	year = {1950},
	pages = {444},
}

@article{Wigner1932,
	doi = {10.1103/PhysRev.40.749},
	author = {Wigner, E. P.},
	journal = {Phys. Rev.},
	number = {5},
	volume = {40},
	year = {1932},
	pages = {749--759},
}

@article{Wilkie2005,
	doi = {10.1016/j.physleta.2005.01.064},
	author = {Wilkie, Joshua and Cetinbas, M.},
	journal = {Phys. Lett. A},
	volume = {337},
	year = {2005},
	pages = {166--182},
}

@article{Wirtinger1927,
	doi = {10.1007/BF01447872},
	author = {Wirtinger, W.},
	journal = {Math. Ann.},
	number = {1},
	volume = {97},
	year = {1927},
	pages = {357--375},
}

