@article{Cahill1969,
	doi = {10.1103/PhysRev.177.1857},
	author = {Cahill, K. and Glauber, R.},
	url = {http://link.aps.org/doi/10.1103/PhysRev.177.1857},
	journal = {Phys. Rev.},
	issn = {0031-899X},
	number = {5},
	month = {jan},
	volume = {177},
	year = {1969},
	pages = {1857--1881},
}

@article{Corney2006,
	doi = {10.1103/PhysRevLett.97.023606},
	author = {Corney, Joel F. and Drummond, Peter D. and Heersink, Joel and Josse, Vincent and Leuchs, Gerd and Andersen, Ulrik L.},
	url = {http://link.aps.org/doi/10.1103/PhysRevLett.97.023606},
	journal = {Phys. Rev. Lett.},
	issn = {0031-9007},
	number = {2},
	month = {jul},
	volume = {97},
	year = {2006},
	pages = {023606},
}

@article{Corney2008,
	doi = {10.1103/PhysRevA.78.023831},
	author = {Corney, Joel F. and Heersink, Joel and Dong, Ruifang and Josse, Vincent and Drummond, Peter D. and Leuchs, Gerd and Andersen, Ulrik L.},
	url = {http://link.aps.org/doi/10.1103/PhysRevA.78.023831},
	journal = {Phys. Rev. A},
	issn = {1050-2947},
	number = {2},
	month = {aug},
	volume = {78},
	year = {2008},
	pages = {023831},
}

@article{Dalton2011,
	author = {Dalton, B. J.},
	url = {http://arxiv.org/abs/1108.1251},
	title = {{Phase space theory of Bose-Einstein condensates and time-dependent modes}},
	month = {aug},
	eprint = {1108.1251},
	SLACcitation = {%%CITATION=11081251;%%},
	archivePrefix = {arXiv},
}

@article{Deuar2007,
	doi = {10.1103/PhysRevLett.98.120402},
	author = {Deuar, P. and Drummond, Peter D.},
	url = {http://link.aps.org/doi/10.1103/PhysRevLett.98.120402},
	journal = {Phys. Rev. Lett.},
	issn = {0031-9007},
	number = {12},
	month = {mar},
	volume = {98},
	year = {2007},
	pages = {120402},
}

@article{Dirac1945,
	doi = {10.1103/RevModPhys.17.195},
	author = {Dirac, P. A. M.},
	url = {http://link.aps.org/doi/10.1103/RevModPhys.17.195},
	journal = {Rev. Mod. Phys.},
	issn = {0034-6861},
	number = {2-3},
	month = {apr},
	volume = {17},
	year = {1945},
	pages = {195--199},
}

@article{Drummond1980,
	doi = {10.1088/0305-4470/13/7/018},
	author = {Drummond, Peter D. and Gardiner, Crispin W.},
	url = {http://stacks.iop.org/0305-4470/13/i=7/a=018?key=crossref.cf29f1b89ea87f5a403de4527d620875},
	journal = {J. Phys. A},
	issn = {0305-4470},
	number = {7},
	month = {jul},
	volume = {13},
	year = {1980},
	pages = {2353--2368},
}

@article{Drummond1993,
	doi = {10.1209/0295-5075/21/3/005},
	author = {Drummond, Peter D. and Hardman, A. D.},
	url = {http://stacks.iop.org/0295-5075/21/i=3/a=005?key=crossref.5ced39e5bf433e75a804fe992a5bc20e},
	journal = {Europhys. Lett.},
	issn = {0295-5075},
	number = {3},
	month = {jan},
	volume = {21},
	year = {1993},
	pages = {279--284},
}

@article{Drummond1993a,
	doi = {10.1038/365307a0},
	author = {Drummond, Peter D. and Shelby, R. M. and Friberg, S. R. and Yamamoto, Y.},
	url = {http://www.nature.com/doifinder/10.1038/365307a0},
	journal = {Nature},
	issn = {0028-0836},
	number = {6444},
	month = {sep},
	volume = {365},
	year = {1993},
	pages = {307--313},
}

@article{Egorov2011,
	doi = {10.1103/PhysRevA.84.021605},
	author = {Egorov, Mikhail and Anderson, Russell P. and Ivannikov, Valentin and Opanchuk, Bogdan and Drummond, Peter D. and Hall, Brenton V. and Sidorov, Andrei I.},
	url = {http://link.aps.org/doi/10.1103/PhysRevA.84.021605},
	journal = {Phys. Rev. A},
	issn = {1050-2947},
	number = {2},
	month = {aug},
	volume = {84},
	year = {2011},
	pages = {021605(R)},
}

@book{Gardiner1997,
	publisher = {Springer-Verlag},
	isbn = {3540616349},
	author = {Gardiner, Crispin W.},
	year = {1997},
	title = {{Handbook of Stochastic Methods}},
	edition = {2nd},
	address = {Berlin},
	pages = {442},
}

@book{Gardiner2004,
	publisher = {Springer},
	isbn = {978-3-540-22301-6},
	author = {Gardiner, Crispin W. and Zoller, Peter},
	url = {http://www.springer.com/physics/quantum+physics/book/978-3-642-06094-6},
	title = {{Quantum Noise}},
	edition = {4th},
	year = {2004},
	pages = {449},
}

@article{Graham1970,
	doi = {10.1007/BF01396782},
	author = {Graham, R. and Haken, H.},
	url = {http://www.springerlink.com/index/10.1007/BF01396782},
	journal = {Z. Phys.},
	issn = {1434-6001},
	number = {3},
	month = {jun},
	volume = {234},
	year = {1970},
	pages = {193--206},
}

@article{Graham1970a,
	doi = {10.1007/BF01395167},
	author = {Graham, R. and Haken, H.},
	url = {http://www.springerlink.com/index/10.1007/BF01395167},
	journal = {Z. Phys.},
	issn = {1434-6001},
	number = {2},
	month = {apr},
	volume = {235},
	year = {1970},
	pages = {166--180},
}

@article{Isella2006,
	doi = {10.1103/PhysRevA.74.063625},
	author = {Isella, L. and Ruostekoski, J.},
	url = {http://link.aps.org/doi/10.1103/PhysRevA.74.063625},
	journal = {Phys. Rev. A},
	issn = {1050-2947},
	number = {6},
	month = {dec},
	volume = {74},
	year = {2006},
	pages = {063625},
}

@article{Jack2002,
	doi = {10.1103/PhysRevLett.89.140402},
	author = {Jack, Michael W.},
	url = {http://link.aps.org/doi/10.1103/PhysRevLett.89.140402},
	journal = {Phys. Rev. Lett.},
	issn = {0031-9007},
	number = {14},
	month = {sep},
	volume = {89},
	year = {2002},
	pages = {140402},
}

@article{Kokkelmans2002,
	doi = {10.1103/PhysRevA.65.053617},
	author = {Kokkelmans, S. and Milstein, J. N. and Chiofalo, M. L. and Walser, R. and Holland, M. J.},
	url = {http://link.aps.org/doi/10.1103/PhysRevA.65.053617},
	journal = {Phys. Rev. A},
	issn = {1050-2947},
	number = {5},
	month = {may},
	volume = {65},
	year = {2002},
	pages = {053617},
}

@article{Kreutz-Delgado2009,
	author = {Kreutz-Delgado, Ken},
	url = {http://arxiv.org/abs/0906.4835},
	title = {{The Complex Gradient Operator and the CR-Calculus}},
	month = {jun},
	eprint = {0906.4835},
	SLACcitation = {%%CITATION=09064835;%%},
	archivePrefix = {arXiv},
}

@article{Li2008,
	doi = {10.1103/PhysRevLett.100.210401},
	author = {Li, Yun and Castin, Yvan and Sinatra, Alice},
	url = {http://link.aps.org/doi/10.1103/PhysRevLett.100.210401},
	journal = {Phys. Rev. Lett.},
	issn = {0031-9007},
	number = {21},
	month = {may},
	volume = {100},
	year = {2008},
	pages = {210401},
}

@article{Li2009,
	doi = {10.1140/epjb/e2008-00472-6},
	author = {Li, Yun and Treutlein, Philipp and Reichel, J. and Sinatra, Alice},
	url = {http://www.springerlink.com/index/10.1140/epjb/e2008-00472-6},
	journal = {Eur. Phys. J. B},
	issn = {1434-6028},
	number = {3},
	month = {jan},
	volume = {68},
	year = {2009},
	pages = {365--381},
}

@book{Louisell1990,
	publisher = {Wiley, John \& Sons, Incorporated},
	isbn = {0471523658},
	author = {Louisell, William Henry},
	title = {{Quantum Statistical Properties of Radiation}},
	year = {1990},
	pages = {544},
}

@article{Morgan2000,
	doi = {10.1088/0953-4075/33/19/303},
	author = {Morgan, S. A.},
	url = {http://stacks.iop.org/0953-4075/33/i=19/a=303?key=crossref.f023600611b98b871d5a104aad1eac19},
	journal = {J. Phys. B},
	issn = {0953-4075},
	number = {19},
	month = {oct},
	volume = {33},
	year = {2000},
	pages = {3847--3893},
}

@article{Moyal1947,
	doi = {10.1017/S0305004100000487},
	author = {Moyal, J. E. and Bartlett, M. S.},
	url = {http://www.journals.cambridge.org/abstract\_S0305004100000487},
	journal = {Math. Proc. Cambridge},
	issn = {0305-0041},
	number = {01},
	month = {oct},
	volume = {45},
	year = {1947},
	pages = {99},
}

@article{Norrie2005,
	doi = {10.1103/PhysRevLett.94.040401},
	author = {Norrie, A. A. and Ballagh, R. J. and Gardiner, Crispin W.},
	url = {http://link.aps.org/doi/10.1103/PhysRevLett.94.040401},
	journal = {Phys. Rev. Lett.},
	issn = {0031-9007},
	number = {4},
	month = {jan},
	volume = {94},
	year = {2005},
	pages = {040401},
}

@article{Norrie2006,
	doi = {10.1103/PhysRevA.73.043617},
	author = {Norrie, A. A. and Ballagh, R. J. and Gardiner, Crispin W.},
	url = {http://link.aps.org/doi/10.1103/PhysRevA.73.043617},
	journal = {Phys. Rev. A},
	issn = {1050-2947},
	number = {4},
	month = {apr},
	volume = {73},
	year = {2006},
	pages = {043617},
}

@article{Norrie2006a,
	doi = {10.1103/PhysRevA.73.043618},
	author = {Norrie, A. A. and Ballagh, R. J. and Gardiner, Crispin W. and Bradley, Ashton S.},
	url = {http://link.aps.org/doi/10.1103/PhysRevA.73.043618},
	journal = {Phys. Rev. A},
	issn = {1050-2947},
	number = {4},
	month = {apr},
	volume = {73},
	year = {2006},
	pages = {043618},
}

@article{Opanchuk2012,
	doi = {10.1209/0295-5075/97/50003},
	author = {Opanchuk, Bogdan and Egorov, Mikhail and Hoffmann, Scott E. and Sidorov, Andrei I. and Drummond, Peter D.},
	url = {http://stacks.iop.org/0295-5075/97/i=5/a=50003?key=crossref.0b9601ddbe8554f3cf048e8dbadbacb1},
	journal = {Europhys. Lett.},
	issn = {0295-5075},
	number = {5},
	month = {mar},
	volume = {97},
	year = {2012},
	pages = {50003},
}

@article{Opanchuk2012a,
	author = {Opanchuk, Bogdan and He, Qiong-Yi and Reid, Margaret D. and Drummond, Peter D.},
	url = {http://link.aps.org/doi/10.1103/PhysRevA.86.023625},
	issn = {1050-2947},
	number = {2},
	month = {aug},
	volume = {86},
	pages = {15},
	year = {2012},
	journal = {Phys. Rev. A},
}

@article{Polkovnikov2003,
	doi = {10.1103/PhysRevA.68.053604},
	author = {Polkovnikov, Anatoli},
	url = {http://link.aps.org/doi/10.1103/PhysRevA.68.053604},
	journal = {Phys. Rev. A},
	issn = {1050-2947},
	number = {5},
	month = {nov},
	volume = {68},
	year = {2003},
	pages = {053604},
}

@book{Risken1996,
	publisher = {Springer-Verlag, Berlin},
	isbn = {978-3540615309},
	author = {Risken, Hannes},
	title = {{The Fokker-Planck Equation}},
	edition = {2nd},
	year = {1996},
}

@article{Sakmann2009,
	doi = {10.1103/PhysRevLett.103.220601},
	author = {Sakmann, Kaspar and Streltsov, Alexej I. and Alon, Ofir E. and Cederbaum, Lorenz S.},
	url = {http://link.aps.org/doi/10.1103/PhysRevLett.103.220601},
	journal = {Phys. Rev. Lett.},
	issn = {0031-9007},
	number = {22},
	month = {nov},
	volume = {103},
	year = {2009},
	pages = {220601},
}

@article{Sinatra2002,
	doi = {10.1088/0953-4075/35/17/301},
	author = {Sinatra, Alice and Lobo, Carlos and Castin, Yvan},
	url = {http://stacks.iop.org/0953-4075/35/i=17/a=301?key=crossref.c7aed7eb9dc5ce0bb952f7815936c80e},
	issn = {0953-4075},
	number = {17},
	month = {sep},
	volume = {35},
	pages = {3599--3631},
	year = {2002},
	journal = {J. Phys. B},
}

@article{Sinatra2011,
	doi = {10.1103/PhysRevLett.107.060404},
	author = {Sinatra, Alice and Witkowska, Emilia and Dornstetter, Jean-Christophe and Li, Yun and Castin, Yvan},
	url = {http://link.aps.org/doi/10.1103/PhysRevLett.107.060404},
	journal = {Phys. Rev. Lett.},
	issn = {0031-9007},
	number = {6},
	month = {aug},
	volume = {107},
	year = {2011},
	pages = {060404},
}

@article{Steel1998,
	doi = {10.1103/PhysRevA.58.4824},
	author = {Steel, M. and Olsen, M. K. and Plimak, L. I. and Drummond, Peter D. and Tan, S. and Collett, M. J. and Walls, D. F. and Graham, R.},
	url = {http://link.aps.org/doi/10.1103/PhysRevA.58.4824},
	journal = {Phys. Rev. A},
	issn = {1050-2947},
	number = {6},
	month = {dec},
	volume = {58},
	year = {1998},
	pages = {4824--4835},
}

@book{Weyl1950,
	publisher = {Dover Publications},
	isbn = {0486602699},
	author = {Weyl, Hermann},
	title = {{The Theory of Groups and Quantum Mechanics}},
	year = {1950},
	pages = {444},
}

@article{Wigner1932,
	doi = {10.1103/PhysRev.40.749},
	author = {Wigner, E. P.},
	url = {http://link.aps.org/doi/10.1103/PhysRev.40.749},
	journal = {Phys. Rev.},
	issn = {0031-899X},
	number = {5},
	month = {jun},
	volume = {40},
	year = {1932},
	pages = {749--759},
}

@article{Wirtinger1927,
	doi = {10.1007/BF01447872},
	author = {Wirtinger, W.},
	url = {http://www.springerlink.com/index/10.1007/BF01447872},
	journal = {Math. Ann.},
	issn = {0025-5831},
	number = {1},
	month = {dec},
	volume = {97},
	year = {1927},
	pages = {357--375},
}

